@inproceedings{xu2016interactive,
  title={Interactive visual co-cluster analysis of bipartite graphs},
  author={Xu, Panpan and Cao, Nan and Qu, Huamin and Stasko, John},
  booktitle={2016 IEEE Pacific Visualization Symposium (PacificVis)},
  pages={32--39},
  year={2016},
  organization={IEEE}
}