@ARTICLE{tpflow_vast18, 
author={Dongyu Liu and Panpan Xu and Liu Ren},
journal={IEEE Transactions on Visualization and Computer Graphics}, 
title={TPFlow: Progressive Partition and Multidimensional Pattern Extraction for Large-Scale Spatio-Temporal Data Analysis}, 
month={}}