@ARTICLE{vibr_vast18, 
author={Gromit Yeuk-Yin Chan and Panpan Xu and Zeng Dai and Liu Ren},
journal={IEEE Transactions on Visualization and Computer Graphics}, 
title={ViBR: Visualizing Bipartite Relations at Scale with the Minimum Description Length Principle}, 
month={}}