@article{,
author={Zhou, Hong and Panpan Xu and Yuan, Xiaoru and Qu, Huamin},
journal={Tsinghua Science and Technology},
title={Edge bundling in information visualization},
year={2013},
volume={18},
number={2},
pages={145-156},
keywords={edge bundling;flow maps;graph visualization;parallel coordinates;visual clutter},
}