@article {,
author = {Xu, Panpan and Du, Fan and Cao, Nan and Shi, Conglei and Zhou, Hong and Qu, Huamin},
title = {Visual Analysis of Set Relations in a Graph},
journal = {Computer Graphics Forum},
volume = {32},
number = {3pt1},
publisher = {Blackwell Publishing Ltd},
pages = {61--70},
year = {2013},
}
