@inproceedings{kdd19_sequence_prototypes,
 author = {Ming, Yao and Xu, Panpan and Qu, Huamin and Ren, Liu},
 title = {Interpretable and Steerable Sequence Learning via Prototypes},
 booktitle = {Proceedings of the 25th ACM SIGKDD International Conference on Knowledge Discovery and Data Mining},
 series = {KDD '19},
 year = {2019},
 isbn = {},
 location = {},
 pages = {},
 numpages = {},
 url = {},
 doi = {},
 acmid = {},
 publisher = {ACM},
 address = {New York, NY, USA}
}