@article{, 
	author={Conglei Shi and Weiwei Cui and Shixia Liu and Panpan Xu and Wei Chen and Huamin Qu}, 
	journal={Visualization and Computer Graphics, IEEE Transactions on}, 
	title={RankExplorer: Visualization of Ranking Changes in Large Time Series Data}, 
	year={2012}, 
	volume={18}, 
	number={12}, 
	pages={2669-2678},
}