@ARTICLE{ss_vast17, 
author={Yuanzhe Chen and Panpan Xu and Liu Ren},
journal={IEEE Transactions on Visualization and Computer Graphics}, 
title={Sequence Synopsis: Optimize Visual Summary of Temporal Event Data}, 
month={}}