@article{topicomp13,
    author={Panpan Xu and Yingcai Wu and Enxun Wei and Tai-Quan Peng and Shixia Liu and Zhu, J.J.H. and Huamin Qu},
    journal={Visualization and Computer Graphics, IEEE Transactions on},
    title={Visual Analysis of Topic Competition on Social Media},
    year={2013},
    month={Dec},
    volume={19},
    number={12},
    pages={2012-2021},
}