@article{ts13_edgebundle,
    author={Zhou, Hong and Panpan Xu and Yuan, Xiaoru and Qu, Huamin},
    journal={Tsinghua Science and Technology},
    title={Edge bundling in information visualization},
    year={2013},
    month={April},
    volume={18},
    number={2},
    pages={145-156},
    keywords={edge bundling;flow maps;graph visualization;parallel coordinates;visual clutter},
    doi={10.1109/TST.2013.6509098},
}

