@ARTICLE{panpan16, 
author={P. Xu and H. Mei and L. Ren and W. Chen}, 
journal={IEEE Transactions on Visualization and Computer Graphics}, 
title={ViDX: Visual Diagnostics of Assembly Line Performance in Smart Factories}, 
year={2016}, 
volume={PP}, 
number={99}, 
pages={1-1}, 
keywords={Data visualization;Industries;Manufacturing processes;Real-time systems;Visual analytics;Connected Industry;Industry 4.0;Manufacturing;Mareyâ€™s Graph;Smart Factory;Temporal Data;Visual Analytics}, 
doi={10.1109/TVCG.2016.2598664}, 
ISSN={1077-2626}, 
month={},}