@ARTICLE{protosteer_vast19,
author={Y. {Ming} and P. {Xu} and F. {Cheng} and H. {Qu} and L. {Ren}},
journal={IEEE Transactions on Visualization and Computer Graphics},
title={ProtoSteer: Steering Deep Sequence Model with Prototypes},
year={2019},
volume={},
number={},
pages={1-1},
keywords={Prototypes;Data visualization;Data models;Machine learning;Computational modeling;Predictive models;Task analysis;Sequence Data;Explainable Artificial Intelligence (XAI);Recurrent Neural Networks (RNNs);Prototype Learning},
doi={10.1109/TVCG.2019.2934267},
ISSN={},
month={},}